<record><leader>00000cas a22000007a 4500</leader><controlfield tag="001">13825423</controlfield><controlfield tag="008">860707d19271939njuwr ne      0    0eng d</controlfield><datafield ind1=" " ind2=" " tag="010"><subfield code="a">sn 85035948 </subfield></datafield><datafield ind1=" " ind2=" " tag="040"><subfield code="a">NPA</subfield><subfield code="b">eng</subfield><subfield code="c">NPA</subfield><subfield code="d">NJW</subfield><subfield code="d">OCLCQ</subfield></datafield><datafield ind1=" " ind2=" " tag="042"><subfield code="a">msc</subfield></datafield><datafield ind1="0" ind2="4" tag="245"><subfield code="a">The Atlantic City news.</subfield></datafield><datafield ind1="3" ind2="0" tag="246"><subfield code="a">News</subfield></datafield><datafield ind1=" " ind2=" " tag="260"><subfield code="a">Atlantic City [N.J.] :</subfield><subfield code="b">Lewis M. Herrmann</subfield></datafield><datafield ind1=" " ind2=" " tag="300"><subfield code="a">v. :</subfield><subfield code="b">ill. ;</subfield><subfield code="c">46 cm.</subfield></datafield><datafield ind1=" " ind2=" " tag="310"><subfield code="a">Weekly</subfield></datafield><datafield ind1="1" ind2=" " tag="362"><subfield code="a">Began in 1927? Ceased in 1939?</subfield></datafield><datafield ind1=" " ind2=" " tag="500"><subfield code="a">The words "Atlantic City" appear within the masthead device.</subfield></datafield><datafield ind1=" " ind2=" " tag="588"><subfield code="a">Description based on: Vol. 11, no. 29 (Sept. 27, 1929).</subfield></datafield><datafield ind1=" " ind2=" " tag="752"><subfield code="a">United States</subfield><subfield code="b">New Jersey</subfield><subfield code="c">Atlantic</subfield><subfield code="d">Atlantic City.</subfield></datafield><datafield ind1="0" ind2="0" tag="780"><subfield code="t">Boardwalk illustrated news</subfield></datafield><datafield ind1="0" ind2="0" tag="785"><subfield code="t">Atlantic City leader and news</subfield></datafield></record>